%% LaTeX2e file `reference.bib'
%% generated by the `filecontents' environment
%% from source `main' on 2020/05/05.
%%
@inproceedings{ku04,
    author = {Ku, KM and Ha, KJ and Yoo, WH and Koo, KY},
    year = {2004},
    month = {01},
    pages = {196-205},
    title = {Parallel Montgomery multiplication and squaring over GF(2(m)) based on cellular automata},
        langid      = {english},
    isbn = {3-540-22060-7}
}

@inproceedings{mau15,
    author = {Maulana, Mirza and Senjaya, Wenny and Rahardjo, Budi and Muchtadi-Alamsyah, Intan and Paryasto, Marisa},
    year = {2015},
    month = {01},
    pages = {},
    title = {Implementation of Finite Field Arithmetic Operations for Polynomial and Normal Basis Representations},
    doi = {10.2991/iccst-15.2015.25},
    langid = {english}
}

@article{koc97,
    author = {Koc, Cetin and Acar, T.},
    year = {1997},
    month = {01},
    pages = {225},
    title = {Fast Software Exponentiation in GF(2^k)},
    volume = {0},
    isbn = {0-8186-7846-1},
    journal = {Computer Arithmetic, IEEE Symposium on},
        langid      = {english},
    doi = {10.1109/ARITH.1997.614899}
}

@article{koc98,
    author = {Koc, Cetin and Acar, Tolga},
    year = {1998},
    month = {04},
    pages = {57-69},
    title = {Montgomery Multiplication in GF(2k)},
    volume = {14},
    journal = {Designs Codes and Cryptography},
    langid      = {english},
    doi = {10.1023/A:1008208521515}
}

@article{adr15,
    author = {Adrian, David and Bhargavan, Karthikeyan and Durumeric, Zakir and Gaudry, Pierrick and Green, Matthew and Halderman, J. and Heninger, Nadia and Springall, Drew and Thomé, Emmanuel and Valenta, Luke and Vandersloot, Benjamin and Wustrow, Eric and Zanella-Béguelin, Santiago and Zimmermann, Paul},
    year = {2015},
    month = {10},
    pages = {},
    title = {Imperfect Forward Secrecy: How Diffie-Hellman Fails in Practice},
    volume = {62},
    journal = {Communications of the ACM},
    langid = {english},
    doi = {10.1145/3292035}
}

@article{dif77,
  abstract = {Two kinds of contemporary developments in cryptography are examined. Widening applications of teleprocessing have given rise to a need for new types of cryptographic systems, which minimize the need for secure key distribution channels and supply the equivalent of a written signature. This paper suggests ways to solve these currently open problems. It also discusses how the theories of communication and computation are beginning to provide the tools to solve cryptographic problems of long standing.},
  added-at = {2009-01-14T00:43:43.000+0100},
  author = {Diffie, Whitfield and Hellman, Martin E.},
  journal = {IEEE Transactions on Information Theory},
  keywords = {imported},
  month = {November},
  number = 6,
  pages = {644-654},
  timestamp = {2009-01-14T00:43:46.000+0100},
  title = {New Directions in Cryptography},
  topic = {diffiehellman[1]},
  uri = {http://www.cs.purdue.edu/homes/ninghui/courses/Fall04/lectures/diffie-hellman.pdf},
  volume = 22,
    langid      = {english},
  year = 1976
}

@article{zhu17,
    author = {Алексей Евгеньевич Жуков},
    journal = {Вопросы кибербезопасности},
    number = {3 (21)},
    pages = {70-76},
    title = {Клеточные автоматы в криптографии. Часть 1},
    uri = {https://cyberleninka.ru/article/n/kletochnye-avtomaty-v-kriptografii-chast-1},
    langid = {russian},
    doi = {10.21581/2311-3456-2017-3-70-76},
    year = 2017
}

@article{zhu17_2,
    author = {Алексей Евгеньевич Жуков},
    journal = {Вопросы кибербезопасности},
    number = {4 (22)},
    pages = {47-66},
    title = {Клеточные автоматы в криптографии. Часть 2},
    uri = {https://cyberleninka.ru/article/n/kletochnye-avtomaty-v-kriptografii-chast-2},
    langid = {russian},
    doi = {10.21581/2311-3456-2017-4-47-66},
    year = 2017
}

@article{pri16,
  title={Разработка алгебраической библиотеки конечных полей для обобщенных криптографических алгоритмов},
  author={Приньков, АС and Николаев, ДА},
  journal={Международный научно-исследовательский журнал},
  number={7 (49) Часть 4},
  pages={92--94},
  langid = {russian},
  year={2016}
}

@article{jeo07,
    author = {Jeon, Jun-Cheol and Kee-Young, Yoo},
    year = {2007},
    month = {03},
    pages = {915-922},
    title = {Programmable cellular automata based Montgomery hardware architecture},
    volume = {186},
    journal = {Applied Mathematics and Computation},
    langid = {english},
    doi = {10.1016/j.amc.2006.08.018}
}

@book{knu97,
  added-at = {2015-06-04T07:16:19.000+0200},
  address = {Boston},
  author = {Knuth, Donald E.},
  biburl = {https://www.bibsonomy.org/bibtex/25dbc415549a1bb86bff7a3842765c31f/ytyoun},
  edition = {Third},
  interhash = {b825ccd550f92a93eefbacd1bec78704},
  intrahash = {5dbc415549a1bb86bff7a3842765c31f},
  isbn = {0201896842 9780201896848},
  keywords = {algorithm knuth no.pdf taocp textbook},
  publisher = {Addison-Wesley},
  refid = {174763889},
    langid      = {english},
  timestamp = {2015-07-29T09:31:05.000+0200},
  title = {The Art of Computer Programming, Volume 2: Seminumerical Algorithms},
  year = 1997
}

@book{men01,
  added-at = {2007-04-16T14:16:26.000+0200},
  author = {Menezes, Alfred J. and van Oorschot, Paul C. and Vanstone, Scott A.},
  biburl = {https://www.bibsonomy.org/bibtex/21fb86a3afb62bbb4bc2f94a0299a4d59/kidloc},
  interhash = {d5837a554ce2ffd49f551045400e244c},
  intrahash = {1fb86a3afb62bbb4bc2f94a0299a4d59},
  keywords = {cryptography handbook programming reference security},
  publisher = {CRC Press},
  timestamp = {2007-04-16T14:16:26.000+0200},
  title = {Handbook of Applied Cryptography},
  url = {http://www.cacr.math.uwaterloo.ca/hac/},
  langid = {english},
  year = 2001
}

@misc{rfc2412,
 series = {Request for Comments},
 number = 2412,
 howpublished = {RFC 2412},
 publisher = {RFC Editor},
 doi =  {10.17487/RFC2412},
 url =  {https://rfc-editor.org/rfc/rfc2412.txt},
    author = {Hilarie Orman},
 title =  {{The OAKLEY Key Determination Protocol}},
 pagetotal = 55,
 year =  1998,
 month =  nov,
    langid      = {english},
}

@misc{rfc7296,
 series = {Request for Comments},
 number = 7296,
 howpublished = {RFC 7296},
 publisher = {RFC Editor},
 doi =  {10.17487/RFC7296},
 url =  {https://rfc-editor.org/rfc/rfc7296.txt},
    author = {Charlie Kaufman and Paul E. Hoffman and Yoav Nir and Pasi Eronen and Tero Kivinen},
 title =  {{Internet Key Exchange Protocol Version 2 (IKEv2)}},
 pagetotal = 142,
 year =  2014,
 month =  oct,
    langid      = {english},
}

@misc{rfc3526,
 series = {Request for Comments},
 number = 3526,
 howpublished = {RFC 3526},
 publisher = {RFC Editor},
 doi =  {10.17487/RFC3526},
 url =  {https://rfc-editor.org/rfc/rfc3526.txt},
    author = {Mika Kojo and Tero Kivinen},
 title =  {{More Modular Exponential (MODP) Diffie-Hellman groups for Internet Key Exchange (IKE)}},
 pagetotal = 10,
 year =  2003,
 month =  may,
    langid      = {english},
}

